@book{texbook,
	author = {Donald E. Knuth},
	year = {1986},
	title = {The {\TeX} Book},
	publisher = {Addison-Wesley Professional}
}

@INPROCEEDINGS{full-speed-fuzzing,
  author={Nagy, Stefan and Hicks, Matthew},
  booktitle={2019 IEEE Symposium on Security and Privacy (SP)}, 
  title={Full-Speed Fuzzing: Reducing Fuzzing Overhead through Coverage-Guided Tracing}, 
  year={2019},
  volume={},
  number={},
  pages={787-802},
  doi={10.1109/SP.2019.00069}}

@online{afl, 
 title={American fuzzy lop (2.52b)},
 url={https://lcamtuf.coredump.cx/afl/},
 journal={american fuzzy lop},
 urldate = {2023-02-27}} 
 
@online{cloudbleed,
title={Incident report on memory leak caused by Cloudflare parser bug},
url={https://blog.cloudflare.com/incident-report-on-memory-leak-caused-by-cloudflare-parser-bug/},
journal={american fuzzy lop},
 urldate = {2023-02-27}
}

@inproceedings{ifuzzer,
  title={IFuzzer: An Evolutionary Interpreter Fuzzer Using Genetic Programming},
  author={Spandan Veggalam and Sanjay Rawat and Istv{\'a}n Haller and Herbert Bos},
  booktitle={European Symposium on Research in Computer Security},
  year={2016}
}
